<record xmlns='http://www.loc.gov/MARC21/slim'><leader>01672cgm a2200421 a 4500</leader><controlfield tag='001'>4960024</controlfield><controlfield tag='005'>20141228082913.0</controlfield><controlfield tag='007'>vf|cbahou</controlfield><controlfield tag='008'>031219s1988    xx 070            vleng d</controlfield><datafield ind1=' ' ind2=' ' tag='035'><subfield code='a'>(OCoLC)54049158</subfield></datafield><datafield ind1=' ' ind2=' ' tag='035'><subfield code='a'>4960024</subfield></datafield><datafield ind1=' ' ind2=' ' tag='040'><subfield code='a'>NIC</subfield><subfield code='c'>NIC</subfield></datafield><datafield ind1=' ' ind2=' ' tag='043'><subfield code='a'>n-us---</subfield></datafield><datafield ind1='0' ind2='0' tag='245'><subfield code='a'>Dr. Ben&apos;s retirement colloquium</subfield><subfield code='h'>[videorecording] /</subfield><subfield code='c'>[Africana Studies and Research Center, Cornell University].</subfield></datafield><datafield ind1=' ' ind2=' ' tag='260'><subfield code='c'>[1988]</subfield></datafield><datafield ind1=' ' ind2=' ' tag='300'><subfield code='a'>1 videocassette (117 min.) :</subfield><subfield code='b'>sd., col. ;</subfield><subfield code='c'>1/2 in.</subfield></datafield><datafield ind1=' ' ind2=' ' tag='538'><subfield code='a'>VHS.</subfield></datafield><datafield ind1=' ' ind2=' ' tag='500'><subfield code='a'>Title from videocassette label.</subfield></datafield><datafield ind1=' ' ind2=' ' tag='500'><subfield code='a'>&quot;5/6/88.&quot;</subfield></datafield><datafield ind1=' ' ind2=' ' tag='500'><subfield code='a'>Videotaped live on May 7, 1988 at the Africana Studies and Research Center, Cornell University.</subfield></datafield><datafield ind1=' ' ind2=' ' tag='520'><subfield code='a'>Various individuals engage in speaking, singing, and making presentations in honor of Dr. Ben Jochannan.</subfield></datafield><datafield ind1='1' ind2='0' tag='600'><subfield code='a'>Ben-Jochannan, Yosef.</subfield></datafield><datafield ind1=' ' ind2='0' tag='650'><subfield code='a'>Historians</subfield><subfield code='z'>United States</subfield><subfield code='v'>Biography.</subfield></datafield><datafield ind1=' ' ind2='0' tag='650'><subfield code='a'>African Americans</subfield><subfield code='x'>History.</subfield></datafield><datafield ind1=' ' ind2='0' tag='651'><subfield code='a'>United States</subfield><subfield code='x'>Race relations.</subfield></datafield><datafield ind1=' ' ind2='0' tag='650'><subfield code='a'>Racism</subfield><subfield code='z'>United States.</subfield></datafield><datafield ind1='1' ind2='7' tag='600'><subfield code='a'>Ben-Jochannan, Yosef</subfield><subfield code='2'>fast</subfield><subfield code='0'>(OCoLC)fst00002117</subfield></datafield><datafield ind1=' ' ind2='7' tag='650'><subfield code='a'>African Americans</subfield><subfield code='2'>fast</subfield><subfield code='0'>(OCoLC)fst00799558</subfield></datafield><datafield ind1=' ' ind2='7' tag='650'><subfield code='a'>Historians</subfield><subfield code='2'>fast</subfield><subfield code='0'>(OCoLC)fst00957686</subfield></datafield><datafield ind1=' ' ind2='7' tag='650'><subfield code='a'>Race relations</subfield><subfield code='2'>fast</subfield><subfield code='0'>(OCoLC)fst01086509</subfield></datafield><datafield ind1=' ' ind2='7' tag='650'><subfield code='a'>Racism</subfield><subfield code='2'>fast</subfield><subfield code='0'>(OCoLC)fst01086616</subfield></datafield><datafield ind1=' ' ind2='7' tag='651'><subfield code='a'>United States</subfield><subfield code='2'>fast</subfield><subfield code='0'>(OCoLC)fst01204155</subfield></datafield><datafield ind1=' ' ind2='7' tag='655'><subfield code='a'>Biography</subfield><subfield code='2'>fast</subfield><subfield code='0'>(OCoLC)fst01423686</subfield></datafield><datafield ind1=' ' ind2='7' tag='655'><subfield code='a'>History</subfield><subfield code='2'>fast</subfield><subfield code='0'>(OCoLC)fst01411628</subfield></datafield><datafield ind1='2' ind2=' ' tag='710'><subfield code='a'>Cornell University.</subfield><subfield code='b'>Africana Studies and Research Center.</subfield></datafield><datafield ind1='1' ind2=' ' tag='948'><subfield code='a'>20031219</subfield><subfield code='b'>o</subfield><subfield code='d'>sok1</subfield><subfield code='e'>lts</subfield></datafield><datafield ind1='2' ind2=' ' tag='948'><subfield code='a'>20040601</subfield><subfield code='b'>a</subfield><subfield code='d'>pd36</subfield><subfield code='e'>lts</subfield><subfield code='f'>?</subfield><subfield code='h'>?</subfield></datafield><datafield ind1='2' ind2=' ' tag='948'><subfield code='a'>20141227</subfield><subfield code='b'>m</subfield><subfield code='d'>batch</subfield><subfield code='e'>lts</subfield><subfield code='x'>addfast</subfield></datafield></record>